<?xml version="1.0" encoding="UTF-8"?><record xmlns="http://www.loc.gov/MARC21/slim" xmlns:cinclude="http://apache.org/cocoon/include/1.0" xmlns:zs="http://www.loc.gov/zing/srw/">
  <leader>00930cz  a2200217n  4500</leader>
  <controlfield tag="001">n  97045258 </controlfield>
  <controlfield tag="003">DLC</controlfield>
  <controlfield tag="005">20140106125304.0</controlfield>
  <controlfield tag="008">970430n| azannaabn          |a aaa      </controlfield>
  <datafield tag="010" ind1=" " ind2=" ">
    <subfield code="a">n  97045258 </subfield>
  </datafield>
  <datafield tag="035" ind1=" " ind2=" ">
    <subfield code="a">(OCoLC)oca04330565</subfield>
  </datafield>
  <datafield tag="040" ind1=" " ind2=" ">
    <subfield code="a">DLC</subfield>
    <subfield code="b">eng</subfield>
    <subfield code="e">rda</subfield>
    <subfield code="c">DLC</subfield>
    <subfield code="d">DLC</subfield>
    <subfield code="d">UPB-Mu</subfield>
    <subfield code="d">UPB</subfield>
    <subfield code="d">DLC</subfield>
  </datafield>
  <datafield tag="046" ind1=" " ind2=" ">
    <subfield code="f">19160430</subfield>
    <subfield code="g">2003</subfield>
  </datafield>
  <datafield tag="100" ind1="1" ind2=" ">
    <subfield code="a">Kravchenko, Tatʹi︠a︡na Petrovna,</subfield>
    <subfield code="d">1916-</subfield>
  </datafield>
  <datafield tag="374" ind1=" " ind2=" ">
    <subfield code="a">Pianists</subfield>
    <subfield code="a">Music teachers</subfield>
    <subfield code="2">lcsh</subfield>
  </datafield>
  <datafield tag="375" ind1=" " ind2=" ">
    <subfield code="a">female</subfield>
  </datafield>
  <datafield tag="400" ind1="1" ind2=" ">
    <subfield code="a">Kravchenko, T.</subfield>
    <subfield code="q">(Tatʹi︠a︡na),</subfield>
    <subfield code="d">1916-</subfield>
  </datafield>
  <datafield tag="670" ind1=" " ind2=" ">
    <subfield code="a">The USSR TV and Radio Large Chorus, 1982?:</subfield>
    <subfield code="b">label (T. Kravchenko, piano)</subfield>
  </datafield>
  <datafield tag="670" ind1=" " ind2=" ">
    <subfield code="a">Muz. ėnt︠s︡ikl</subfield>
    <subfield code="b">(Kravchenko, Tatʹi︠a︡na Petrovna; b. Apr. 17 (30), 1916; Sov. pianist and teacher)</subfield>
  </datafield>
  <datafield tag="670" ind1=" " ind2=" ">
    <subfield code="a">Grigorʹev, L.G. Sovremennye pianisty, 1985</subfield>
    <subfield code="b">(Kravchenko, Tatʹi︠a︡na Petrovna; b. Apr. 30, 1916)</subfield>
  </datafield>
  <datafield tag="670" ind1=" " ind2=" ">
    <subfield code="a">Belcanto.ru site viewed 19 November 2013</subfield>
    <subfield code="b">(Дата смерти 2003=Date of death 2003)</subfield>
  </datafield>
</record>